@ARTICLE{primesinp,
    author = {Manindra Agrawal and Neeraj Kayal and Nitin Saxena},
    title = {PRIMES is in P},
    journal = {Ann. of Math},
    year = {2002},
    volume = {2},
    pages = {781--793}
}

@misc{aks_git,
    author       = {Kakashiiiiy},
    title        = {AKS PrimeTest},
    month        = jul,
    year         = 2020,
    url          = {https://github.com/Kakashiiiiy/AKS_PrimeTest%7D}
}
