@inproceedings{tsp,
  title={The Traveling Salesman Problem: A Case Study in Local Optimization},
  author={D. Johnson and L. A. McGeoch},
  year={2008}
}
